@article{beckettZenodo,
  title={{weighted-modularity-LPAwbPLUS: Improved community detection in weighted bipartite networks}},
  author={Beckett, Stephen J},
  year={2015},
  publisher={Zenodo},
  pages={10.5281/zenodo.19585}
}

@book{wilsonintroduction,
  title={Introduction to Graph Theory},
  year={1996},
  author={Wilson, RJ},
  edition=4,
  isbn={0582249937},
  publisher={Longman, Harlow, Essex, England}
}

@article{clauset2008hierarchical,
  title={Hierarchical structure and the prediction of missing links in networks},
  author={Clauset, Aaron and Moore, Cristopher and Newman, Mark EJ},
  journal={Nature},
  volume={453},
  number={7191},
  pages={98--101},
  year={2008},
  publisher={Nature Publishing Group}
}


@article{saavedra2011strong,
  title={Strong contributors to network persistence are the most vulnerable to extinction},
  author={Saavedra, Serguei and Stouffer, Daniel B and Uzzi, Brian and Bascompte, Jordi},
  journal={Nature},
  volume={478},
  number={7368},
  pages={233--235},
  year={2011},
  publisher={Nature Publishing Group}
}

@article{newman2002random,
  title={Random graph models of social networks},
  author={Newman, Mark EJ and Watts, Duncan J and Strogatz, Steven H},
  journal={Proceedings of the National Academy of Sciences},
  volume={99},
  number={suppl 1},
  pages={2566--2572},
  year={2002},
  publisher={National Acad Sciences}
}


@article{newman2004analysis,
  title={Analysis of weighted networks},
  author={Newman, Mark EJ},
  journal={Physical Review E},
  volume={70},
  number={5},
  pages={056131},
  year={2004},
  publisher={APS}
}

@article{fortunato2010community,
  title={Community detection in graphs},
  author={Fortunato, Santo},
  journal={Physics Reports},
  volume={486},
  number={3},
  pages={75--174},
  year={2010},
  publisher={Elsevier}
}



@article{flores2012multi,
  title={Multi-scale structure and geographic drivers of cross-infection within marine bacteria and phages},
  author={Flores, Cesar O and Valverde, Sergi and Weitz, Joshua S},
  journal={The ISME journal},
  volume={7},
  number={3},
  pages={520--532},
  year={2012},
  publisher={Nature Publishing Group}
}


@book{newman2010networks,
  title={Networks: an introduction},
  author={Newman, Mark},
  year={2010},
  publisher={Oxford University Press}
}

@article{flores2014bimat,
  title={BiMAT: a MATLAB package to facilitate the analysis of bipartite networks},
  author={Flores, Cesar O and Poisot, Timoth{\'e}e and Valverde, Sergi and Weitz, Joshua S},
  journal={Methods in Ecology and Evolution},
  year={2015},
  doi={10.1111/2041-210X.12458}
}


@article{danon2005comparing,
  title={Comparing community structure identification},
  author={Danon, Leon and Diaz-Guilera, Albert and Duch, Jordi and Arenas, Alex},
  journal={Journal of Statistical Mechanics: Theory and Experiment},
  volume={2005},
  number={09},
  pages={P09008},
  year={2005},
  publisher={IOP Publishing}
}

@article{bipartite,
  author={Dormann, C.F. and Gruber B. and Fruend, J.},
  year ={2008},
  title= {Introducing the bipartite Package: Analysing Ecological Networks},
  journal ={R news},
  volume = {8/2},
  pages= {8--11}
}

@article{thebault2013identifying,
  title={Identifying compartments in presence--absence matrices and bipartite networks: insights into modularity measures},
  author={Th{\'e}bault, Elisa},
  journal={Journal of Biogeography},
  volume={40},
  number={4},
  pages={759--768},
  year={2013},
  publisher={Wiley Online Library}
}


@article{barber2007modularity,
  title={Modularity and community detection in bipartite networks},
  author={Barber, Michael J},
  journal={Physical Review E},
  volume={76},
  number={6},
  pages={066102},
  year={2007},
  publisher={APS}
}



@article{costa2014locally,
  title={A locally optimal hierarchical divisive heuristic for bipartite modularity maximization},
  author={Costa, Alberto and Hansen, Pierre},
  journal={Optimization Letters},
  volume={8},
  number={3},
  pages={903--917},
  year={2014},
  publisher={Springer}
}




@article{gomez2009analysis,
  title={Analysis of community structure in networks of correlated data},
  author={G{\'o}mez, Sergio and Jensen, Pablo and Arenas, Alex},
  journal={Physical Review E},
  volume={80},
  number={1},
  pages={016114},
  year={2009},
  publisher={APS}
}

@article{olesen2007modularity,
  title={The modularity of pollination networks},
  author={Olesen, Jens M and Bascompte, Jordi and Dupont, Yoko L and Jordano, Pedro},
  journal={Proceedings of the National Academy of Sciences},
  volume={104},
  number={50},
  pages={19891--19896},
  year={2007},
  publisher={National Acad Sciences}
}


@article{clauset2008hierarchical,
  title={Hierarchical structure and the prediction of missing links in networks},
  author={Clauset, Aaron and Moore, Cristopher and Newman, Mark EJ},
  journal={Nature},
  volume={453},
  number={7191},
  pages={98--101},
  year={2008},
  publisher={Nature Publishing Group}
}


@incollection{murataMod,
  year={2010},
  isbn={978-1-4419-6286-7},
  booktitle={Data Mining for Social Network Data},
  volume={12},
  series={Annals of Information Systems},
  editor={Memon, Nasrullah and Xu, Jennifer Jie and Hicks, David L. and Chen, Hsinchun},
  doi={10.1007/978-1-4419-6287-4_7},
  title={Modularity for Bipartite Networks},
  url={http://dx.doi.org/10.1007/978-1-4419-6287-4_7},
  publisher={Springer US},
  author={Murata, Tsuyoshi},
  pages={109-123},
  language={English}
}


@article{liu2010efficient,
  title={An Efficient Algorithm for Optimizing Bipartite Modularity in Bipartite Networks.},
  author={Liu, Xin and Murata, Tsuyoshi},
  journal={JACIII},
  volume={14},
  number={4},
  pages={408--415},
  year={2010}
}

@article{dormann2014method,
  title={A method for detecting modules in quantitative bipartite networks},
  author={Dormann, Carsten F and Strauss, Rouven},
  journal={Methods in Ecology and Evolution},
  volume={5},
  number={1},
  pages={90--98},
  year={2014},
  publisher={Wiley Online Library}
}



@article{good2010performance,
  title={Performance of modularity maximization in practical contexts},
  author={Good, Benjamin H and de Montjoye, Yves-Alexandre and Clauset, Aaron},
  journal={Physical Review E},
  volume={81},
  number={4},
  pages={046106},
  year={2010},
  publisher={APS}
}



@article{miyauchi2013maximizing,
  year={2014},
  issn={1862-4472},
  journal={Optimization Letters},
  doi={10.1007/s11590-014-0818-7},
  title={Maximizing Barber's bipartite modularity is also hard},
  url={http://dx.doi.org/10.1007/s11590-014-0818-7},
  publisher={Springer Berlin Heidelberg},
  keywords={Network analysis; Community detection; Modularity maximization; Bipartite networks; Computational complexity},
  author={Miyauchi, Atsushi and Sukegawa, Noriyoshi},
  pages={1-17},
  language={English}
}



@article{poisot2013posteriori,
  title={An a posteriori measure of network modularity},
  author={Poisot, Timoth{\'e}e},
  journal={F1000Research},
  volume={2},
  year={2013},
  publisher={Faculty of 1000 Ltd}
}

@article{guimera2007module,
  title={Module identification in bipartite and directed networks},
  author={Guimer{\`a}, Roger and Sales-Pardo, Marta and Amaral, Lu{\'\i}s A Nunes},
  journal={Physical Review E},
  volume={76},
  number={3},
  pages={036102},
  year={2007},
  publisher={APS}
}

@article{newman2004finding,
  title={Finding and evaluating community structure in networks},
  author={Newman, Mark EJ and Girvan, Michelle},
  journal={Physical review E},
  volume={69},
  number={2},
  pages={026113},
  year={2004},
  publisher={APS}
}




@phdthesis{vazquez2002interactions,
  title={Interactions among introduced ungulates, plants, and pollinators: a field study in the temperate forest of the southern Andes},
  author={V{\'a}zquez, Diego P},
  school={ University of Tennessee, Knoxville, Tennessee, USA.},
  year={2002}
}


@article{vazquez2002ecological,
  title={Ecological specialization and susceptibility to disturbance: conjectures and refutations},
  author={V{\'a}zquez, Diego P and Simberloff, Daniel},
  journal={The American Naturalist},
  volume={159},
  number={6},
  pages={606--623},
  year={2002},
  publisher={JSTOR}
}

@article{vazquez2003changes,
  title={Changes in interaction biodiversity induced by an introduced ungulate},
  author={V{\'a}zquez, Diego P and Simberloff, Daniel},
  journal={Ecology Letters},
  volume={6},
  number={12},
  pages={1077--1083},
  year={2003},
  publisher={Wiley Online Library}
}


@article{barrett1987reproductive,
  title={The reproductive biology of boreal forest herbs. I. Breeding systems and pollination},
  author={Barrett, Spencer CH and Helenurm, Kaius},
  journal={Canadian Journal of Botany},
  volume={65},
  number={10},
  pages={2036--2046},
  year={1987},
  publisher={NRC Research Press}
}


@article{bezerra2009pollination,
  title={Pollination networks of oil-flowers: a tiny world within the smallest of all worlds},
  author={Bezerra, Elisangela LS and Machado, Isabel C and Mello, Marco AR},
  journal={Journal of Animal Ecology},
  volume={78},
  number={5},
  pages={1096--1101},
  year={2009},
  publisher={Wiley Online Library}
}


@article{elberling1999structure,
  title={The structure of a high latitude plant-flower visitor system: the dominance of flies},
  author={Elberling, Heidi and Olesen, Jens M},
  journal={Ecography},
  volume={22},
  number={3},
  pages={314--323},
  year={1999},
  publisher={Wiley Online Library}
}


@article{inouye1988pollination,
  title={Pollination biology in the Snowy Mountains of Australia: comparisons with montane Colorado, USA},
  author={Inouye, David W and Pyke, Graham H},
  journal={Australian Journal of Ecology},
  volume={13},
  number={2},
  pages={191--205},
  year={1988},
  publisher={Wiley Online Library}
}

@article{junker2013specialization,
  title={Specialization on traits as basis for the niche-breadth of flower visitors and as structuring mechanism of ecological networks},
  author={Junker, Robert R and Bl{\"u}thgen, Nico and Brehm, Tanja and Binkenstein, Julia and Paulus, Justina and Martin Schaefer, H and Stang, Martina},
  journal={Functional Ecology},
  volume={27},
  number={2},
  pages={329--341},
  year={2013},
  publisher={Wiley Online Library}
}

@article{kato1990insect,
  title={Insect-flower relationship in the primary beech forest of Ashu, Kyoto: an overview of the flowering phenology and the seasonal pattern of insect visits},
  author={Kato, Makoto and Kakutani, Takehiko and Inoue, Tamiji and Itino, Takao},
  journal={Contributions from the Biological Laboratory, Kyoto University},
  year={1990},
  publisher={Biological Laboratory, Kyoto University}
}


@article{kevan1970high,
  title={High arctic insect-flower visitor relations: the inter-relationships of arthropods and flowers at Lake Hazen, Ellesmere Island, Northwest Territories, Canada},
  author={Kevan, PG},
  journal={PhD thesis},
  year={1970}
}


@article{memmott1999structure,
  title={The structure of a plant-pollinator food web},
  author={Memmott, Jane},
  journal={Ecology Letters},
  volume={2},
  number={5},
  pages={276--280},
  year={1999},
  publisher={Wiley Online Library}
}

@article{mosquin1967observations,
  title={Observations on the pollination biology of plants on Melville Island, NWT, Canada},
  author={Mosquin, Theodore and Martin, JEH},
  journal={Canadian Field Naturalist},
  volume={81},
  pages={201--205},
  year={1967}
}


@article{olesen2002invasion,
  title={Invasion of pollination networks on oceanic islands: importance of invader complexes and endemic super generalists},
  author={Olesen, Jens M and Eskildsen, Louise I and Venkatasamy, Shadila},
  journal={Diversity and Distributions},
  volume={8},
  number={3},
  pages={181--192},
  year={2002},
  publisher={Wiley Online Library}
}



@article{ollerton2003pollination,
  title={The pollination ecology of an assemblage of grassland asclepiads in South Africa},
  author={Ollerton, Jeff and Johnson, Steven D and Cranmer, Louise and Kellie, Sam},
  journal={Annals of Botany},
  volume={92},
  number={6},
  pages={807--834},
  year={2003},
  publisher={Annals Botany Co}
}

@article{schemske1978flowering,
  title={Flowering ecology of some spring woodland herbs},
  author={Schemske, Douglas W and Willson, Mary F and Melampy, Michael N and Miller, Linda J and Verner, Louis and Schemske, Kathleen M and Best, Louis B},
  journal={Ecology},
  pages={351--366},
  year={1978},
  publisher={JSTOR}
}


@article{small1976insect,
  title={Insect pollinators of the Mer Bleue peat bog of Ottawa},
  author={Small, Ernest},
  journal={Canadian field-naturalist},
  year={1976}
}


@article{motten1986pollination,
  title={Pollination ecology of the spring wildflower community of a temperate deciduous forest},
  author={Motten, Alexander F},
  journal={Ecological Monographs},
  pages={21--42},
  year={1986},
  publisher={JSTOR}
}








